<?xml version="1.0" encoding="UTF-8"?><collection xmlns="http://www.loc.gov/MARC21/slim"><record><leader>00760nam--2200181-i-4500</leader><controlfield tag="001">000049902</controlfield><controlfield tag="002">20161230</controlfield><controlfield tag="005">20161230201047</controlfield><controlfield tag="008">060222s1000------------r-----000-0-eng-d</controlfield><datafield ind1=" " ind2=" " tag="040"><subfield code="a">IFIN-HH</subfield></datafield><datafield ind1=" " ind2=" " tag="080"><subfield code="a">539.12.162.8(061.3)</subfield></datafield><datafield ind1="1" ind2=" " tag="100"><subfield code="a">Jackson, J.D</subfield></datafield><datafield ind1="1" ind2="0" tag="245"><subfield code="a">Proceedings of the xvi international conference on high energy physics the university of chicago, chicago, illinois national accelerator laboratory, batavia, illinois, september 6-september 13, 1972</subfield><subfield code="c">J.d. jackson, a. roberts (scientific editors)</subfield></datafield><datafield ind1=" " ind2=" " tag="260"><subfield code="a">Chicago, Illinois</subfield><subfield code="b">National Accelerator Laboratory</subfield><subfield code="c">1972</subfield></datafield><datafield ind1="1" ind2=" " tag="700"><subfield code="a">Roberts, A</subfield><subfield code="e">Ed</subfield></datafield><datafield ind1="1" ind2=" " tag="787"><subfield code="a">Volume 4</subfield><subfield code="h">375p</subfield><subfield code="t">Plenary Sessions: Mostly Currents And Weak Interactions</subfield></datafield><datafield ind1=" " ind2=" " tag="852"><subfield code="a">78949</subfield><subfield code="c">539.12</subfield></datafield><datafield ind1=" " ind2=" " tag="CAT"><subfield code="a">Sys</subfield><subfield code="c">20120125</subfield><subfield code="h">160412</subfield></datafield></record></collection>